<?xml version="1.0" encoding="UTF-8"?><collection xmlns="http://www.loc.gov/MARC21/slim"><record><leader>00447nam--2200133-i-4500</leader><controlfield tag="001">000013334</controlfield><controlfield tag="002">20161230</controlfield><controlfield tag="005">20161230201030</controlfield><controlfield tag="008">060222s1000------------r-----000-0-eng-d</controlfield><datafield ind1=" " ind2=" " tag="080"><subfield code="a">530.145(043)</subfield></datafield><datafield ind1=" " ind2=" " tag="100"><subfield code="a">Combescure, Monique (Nee Moulin)</subfield></datafield><datafield ind1=" " ind2=" " tag="245"><subfield code="a">Contribution a l`etude de la completude asympt otique et des proprietes spectrales pour des systemes quantiques a 1 ou a n corps. these</subfield></datafield><datafield ind1=" " ind2=" " tag="260"><subfield code="a">Paris, Universite, 1979. 77 P</subfield></datafield><datafield ind1=" " ind2=" " tag="852"><subfield code="a">48423</subfield></datafield></record></collection>